<?xml version="1.0" encoding="UTF-8"?><collection xmlns="http://www.loc.gov/MARC21/slim"><record><leader>00506nam--2200181-u-4500</leader><controlfield tag="001">000052483</controlfield><controlfield tag="002">20161230</controlfield><controlfield tag="005">20161230201050</controlfield><controlfield tag="008">100722s1000------------r-----000-0-rus-d</controlfield><datafield ind1=" " ind2=" " tag="040"><subfield code="a">IFIN-HH</subfield></datafield><datafield ind1=" " ind2=" " tag="041"><subfield code="a">rus</subfield></datafield><datafield ind1=" " ind2=" " tag="080"><subfield code="a">532.5.031:533.6.011</subfield></datafield><datafield ind1="1" ind2=" " tag="100"><subfield code="a">Hamidov, A.A</subfield></datafield><datafield ind1="1" ind2="0" tag="245"><subfield code="a">Ploskie i osesimmetricenie zadaci o struinom tecenii idealinoi sjimaemoi jidkosti</subfield><subfield code="c">A.A. Hamidov</subfield></datafield><datafield ind1=" " ind2=" " tag="260"><subfield code="a">Taskent</subfield><subfield code="b">Fan uzbekskoi SSR</subfield><subfield code="c">1978</subfield></datafield><datafield ind1=" " ind2=" " tag="300"><subfield code="a">139 p</subfield></datafield><datafield ind1=" " ind2=" " tag="852"><subfield code="a">47820</subfield><subfield code="c">532</subfield></datafield><datafield ind1=" " ind2=" " tag="CAT"><subfield code="a">Sys</subfield><subfield code="c">20100722</subfield><subfield code="h">100344</subfield></datafield></record></collection>